@misc{ai-wikipedia,
  author={Wikipedia},
  title={KÃ¼nstliche Intelligenz},
  url={https://de.wikipedia.org/wiki/K%C3%BCnstliche_Intelligenz},
  urldate={2023-04-20},
  year={2023}
}

@misc{ki-krempelt-die-kunst-um,
  author       = {golem.de},
  title        = {KI krempelt die Kunst um},
  urldate      = {2022-07-08},
  year         = {2022}
}

@book{example,
  title={The Title of the Book},
  author={The Author},
  publisher={The Publisher},
  year={2017},
}